<record><leader>00000cas a22000007a 4500</leader><controlfield tag="001">19100731</controlfield><controlfield tag="008">890203d18791917mouwr ne      0    0eng d</controlfield><datafield ind1=" " ind2=" " tag="010"><subfield code="a">sn 89066242 </subfield></datafield><datafield ind1=" " ind2=" " tag="040"><subfield code="a">MQN</subfield><subfield code="b">eng</subfield><subfield code="c">MQN</subfield><subfield code="d">OCLCQ</subfield></datafield><datafield ind1=" " ind2=" " tag="042"><subfield code="a">msc</subfield></datafield><datafield ind1="0" ind2="0" tag="245"><subfield code="a">Saline County weekly progress.</subfield></datafield><datafield ind1="3" ind2="0" tag="246"><subfield code="a">Weekly progress</subfield></datafield><datafield ind1=" " ind2=" " tag="260"><subfield code="a">Marshall, Mo. :</subfield><subfield code="b">[Saline County Progress Print. Co.?],</subfield><subfield code="c">1879-1917.</subfield></datafield><datafield ind1=" " ind2=" " tag="300"><subfield code="a">v.</subfield></datafield><datafield ind1=" " ind2=" " tag="310"><subfield code="a">Weekly</subfield></datafield><datafield ind1="0" ind2=" " tag="362"><subfield code="a">Vol. 15, no. 5 (Aug. 14, 1879)-July 20, 1917.</subfield></datafield><datafield ind1=" " ind2=" " tag="515"><subfield code="a">Vol. and no. designation dropped between 1895 and 1902.</subfield></datafield><datafield ind1=" " ind2=" " tag="580"><subfield code="a">Daily ed. also published &lt;1879, 1889-1917&gt;?</subfield></datafield><datafield ind1=" " ind2=" " tag="752"><subfield code="a">United States</subfield><subfield code="b">Missouri</subfield><subfield code="c">Saline</subfield><subfield code="d">Marshall.</subfield></datafield><datafield ind1="0" ind2="0" tag="780"><subfield code="t">Saline County progress</subfield><subfield code="w">(DLC)sn 89066241</subfield></datafield><datafield ind1="0" ind2="4" tag="785"><subfield code="t">Weekly democrat-news</subfield><subfield code="w">(DLC)sn 89066243</subfield></datafield></record>